@online{wikipedia_fork_system_call,
    author    = "Wikipedia",
    title     = "Fork (system call)",
    url       = "https://en.wikipedia.org/wiki/Fork_(system_call)",
    addendum  = "(accessed : 30.04.2020)"
}

@online{hackerearth_fork_system_call,
    author    = "Pavan Koli",
    title     = "The fork() system call",
    url       = "https://www.hackerearth.com/fr/practice/notes/the-fork-system-call/",
    addendum  = "(accessed : 30.04.2020)"
}

@online{wikipedia_copy_on_write,
    author    = "Wikipedia",
    title     = "Copy-on-write",
    url       = "https://en.wikipedia.org/wiki/Copy-on-write",
    addendum  = "(accessed : 30.04.2020)"
}

@online{washington_edu_cse451,
    author    = "Prof. Bershad",
    title     = "Processes, Loaders, Fork, and Exec",
    url       = "https://courses.cs.washington.edu/courses/cse451/02sp/section/notes/fork/",
    addendum  = "(accessed : 30.04.2020)"
}

@online{linux_hint_fork_system_call,
    author    = "Ayesha Tariq",
    title     = "Fork System Call Linux",
    url       = "https://linuxhint.com/fork-system-call-linux/",
    addendum  = "(accessed : 30.04.2020)"
}

@online{devarea_fork,
    author    = "Liran B. H.",
    title     = "Linux â€“ Fork system call and its pifalls",
    url       = "https://devarea.com/linux-fork-system-call-and-its-pitfalls/",
    addendum  = "(accessed : 30.04.2020)"
}
